<record><leader>00000cas a22000007a 4500</leader><controlfield tag="001">22723548</controlfield><controlfield tag="008">901121d19751976mnuwr ne      0    0eng d</controlfield><datafield ind1=" " ind2=" " tag="010"><subfield code="a">sn 90060677 </subfield></datafield><datafield ind1=" " ind2=" " tag="040"><subfield code="a">MN#</subfield><subfield code="b">eng</subfield><subfield code="c">MN#</subfield><subfield code="d">OCLCQ</subfield><subfield code="d">OCLCO</subfield></datafield><datafield ind1="1" ind2=" " tag="029"><subfield code="a">AU@</subfield><subfield code="b">000025909457</subfield></datafield><datafield ind1=" " ind2=" " tag="042"><subfield code="a">msc</subfield></datafield><datafield ind1=" " ind2=" " tag="043"><subfield code="a">n-us-mn</subfield></datafield><datafield ind1=" " ind2=" " tag="052"><subfield code="a">4144</subfield><subfield code="b">C785</subfield><subfield code="b">H32</subfield></datafield><datafield ind1=" " ind2=" " tag="052"><subfield code="a">4143</subfield><subfield code="b">L9</subfield><subfield code="b">Y4</subfield></datafield><datafield ind1="0" ind2="4" tag="245"><subfield code="a">The Cottonwood current and Hanley Falls news.</subfield></datafield><datafield ind1=" " ind2=" " tag="260"><subfield code="a">Cottonwood, Lyon Co., Minn. :</subfield><subfield code="b">Robert G. Lancaster,</subfield><subfield code="c">1975-1976.</subfield></datafield><datafield ind1=" " ind2=" " tag="300"><subfield code="a">2 v.</subfield></datafield><datafield ind1=" " ind2=" " tag="310"><subfield code="a">Weekly</subfield></datafield><datafield ind1="0" ind2=" " tag="362"><subfield code="a">Vol. 81, no. 31 (June 19, 1975)-v. 82, no. 52 (Nov. 11, 1976).</subfield></datafield><datafield ind1=" " ind2=" " tag="530"><subfield code="a">Available on microfilm from the Minnesota Historical Society.</subfield></datafield><datafield ind1=" " ind2=" " tag="580"><subfield code="a">Merged with: Belview independent, and Echo enterprise, to form: Cottonwood-Hanley Falls current news.</subfield></datafield><datafield ind1=" " ind2="0" tag="651"><subfield code="a">Cottonwood (Minn.)</subfield><subfield code="v">Newspapers.</subfield></datafield><datafield ind1=" " ind2="0" tag="651"><subfield code="a">Hanley Falls (Minn.)</subfield><subfield code="v">Newspapers.</subfield></datafield><datafield ind1=" " ind2=" " tag="752"><subfield code="a">United States</subfield><subfield code="b">Minnesota</subfield><subfield code="c">Lyon</subfield><subfield code="d">Cottonwood.</subfield></datafield><datafield ind1=" " ind2=" " tag="752"><subfield code="a">United States</subfield><subfield code="b">Minnesota</subfield><subfield code="c">Yellow Medicine</subfield><subfield code="d">Hanley Falls.</subfield></datafield><datafield ind1="0" ind2="0" tag="780"><subfield code="t">Cottonwood current</subfield><subfield code="w">(DLC)sn 90060678</subfield></datafield><datafield ind1="0" ind2="7" tag="780"><subfield code="t">Belview independent</subfield><subfield code="w">(DLC)sn 89064830</subfield></datafield><datafield ind1="0" ind2="7" tag="785"><subfield code="t">Echo enterprise (Echo, Minn. : 1969)</subfield><subfield code="w">(DLC)sn 89064030</subfield></datafield><datafield ind1="0" ind2="7" tag="785"><subfield code="t">Cottonwood-Hanley Falls current news</subfield><subfield code="w">(DLC)sn 90060663</subfield></datafield></record>